<record><leader>00000cas a2200000 a 4500</leader><controlfield tag="001">4472851</controlfield><controlfield tag="007">hd afv---baca</controlfield><controlfield tag="008">781219d18221861scuwr nea     0    0eng d</controlfield><datafield ind1=" " ind2=" " tag="010"><subfield code="a">sf 88091383 </subfield></datafield><datafield ind1=" " ind2=" " tag="040"><subfield code="a">KSU</subfield><subfield code="b">eng</subfield><subfield code="c">KSU</subfield><subfield code="d">PES</subfield><subfield code="d">DLC</subfield><subfield code="d">NST</subfield><subfield code="d">FUG</subfield><subfield code="d">OCL</subfield><subfield code="d">OCLCQ</subfield><subfield code="d">CRU</subfield><subfield code="d">OCLCF</subfield><subfield code="d">OCLCO</subfield></datafield><datafield ind1=" " ind2=" " tag="012"><subfield code="i">9006</subfield></datafield><datafield ind1="1" ind2=" " tag="029"><subfield code="a">AU@</subfield><subfield code="b">000020128510</subfield></datafield><datafield ind1=" " ind2=" " tag="042"><subfield code="a">msc</subfield></datafield><datafield ind1="0" ind2="0" tag="050"><subfield code="a">Microfilm 01104 no. 1961-1962 AP</subfield></datafield><datafield ind1="1" ind2="4" tag="050"><subfield code="a">AP2</subfield><subfield code="b">.A1 APSII reel 1961-1962</subfield></datafield><datafield ind1=" " ind2=" " tag="092"><subfield code="a">051</subfield><subfield code="b">A51p2</subfield></datafield><datafield ind1="0" ind2="0" tag="245"><subfield code="a">United States Catholic miscellany</subfield><subfield code="h">[microform].</subfield></datafield><datafield ind1=" " ind2=" " tag="260"><subfield code="a">Charleston, S.C. :</subfield><subfield code="b">Thomas Martin,</subfield><subfield code="c">1822-1861.</subfield></datafield><datafield ind1=" " ind2=" " tag="300"><subfield code="a">39 v. ;</subfield><subfield code="c">21-38 cm.</subfield></datafield><datafield ind1="0" ind2=" " tag="362"><subfield code="a">Vol. 1, no. 1 (June 5, 1822)-</subfield></datafield><datafield ind1="1" ind2=" " tag="362"><subfield code="a">Ceased publication with v. 39 (1861).</subfield></datafield><datafield ind1=" " ind2=" " tag="500"><subfield code="a">Film incomplete: film includes vol. 1; v. 4 (Jan. 5, 1825)-v. 6 (June 30, 1827); v. 7 (Sept. 1827)-(June 1828) (scattered issues only); v. 8 (July 5, 1828)-v. 14 (June 20, 1835) (scattered pages missing).</subfield></datafield><datafield ind1=" " ind2=" " tag="500"><subfield code="a">Title from caption.</subfield></datafield><datafield ind1=" " ind2=" " tag="515"><subfield code="a">Publication suspended June 1823-May 1824; Jan-June 1826.</subfield></datafield><datafield ind1=" " ind2=" " tag="533"><subfield code="a">Microfilm.</subfield><subfield code="b">Ann Arbor, Mich. :</subfield><subfield code="c">University Microfilms International,</subfield><subfield code="d">1978.</subfield><subfield code="e">2 microfilm reels ; 35 mm.</subfield><subfield code="f">(American periodical series, 1800-1850 ; 1961-1962).</subfield></datafield><datafield ind1="2" ind2="0" tag="610"><subfield code="a">Catholic Church</subfield><subfield code="v">Newspapers.</subfield></datafield><datafield ind1=" " ind2="0" tag="651"><subfield code="a">Charleston (S.C.)</subfield><subfield code="v">Newspapers.</subfield></datafield><datafield ind1=" " ind2="0" tag="651"><subfield code="a">Charleston County (S.C.)</subfield><subfield code="v">Newspapers.</subfield></datafield><datafield ind1=" " ind2="7" tag="655"><subfield code="a">Newspapers.</subfield><subfield code="2">fast</subfield><subfield code="0">(OCoLC)fst01423814</subfield></datafield><datafield ind1="2" ind2="7" tag="610"><subfield code="a">Catholic Church.</subfield><subfield code="2">fast</subfield><subfield code="0">(OCoLC)fst00531720</subfield></datafield><datafield ind1=" " ind2="7" tag="651"><subfield code="a">South Carolina</subfield><subfield code="z">Charleston.</subfield><subfield code="2">fast</subfield><subfield code="0">(OCoLC)fst01204603</subfield></datafield><datafield ind1=" " ind2="7" tag="651"><subfield code="a">South Carolina</subfield><subfield code="z">Charleston County.</subfield><subfield code="2">fast</subfield><subfield code="0">(OCoLC)fst01210029</subfield></datafield><datafield ind1=" " ind2=" " tag="752"><subfield code="a">United States</subfield><subfield code="b">South Carolina</subfield><subfield code="c">Charleston</subfield><subfield code="d">Charleston.</subfield></datafield><datafield ind1="1" ind2=" " tag="776"><subfield code="c">Original</subfield><subfield code="w">(DLC)sn 90057173</subfield><subfield code="w">(OCoLC)7225525</subfield></datafield><datafield ind1=" " ind2="0" tag="830"><subfield code="a">American periodical series, 1800-1850 ;</subfield><subfield code="v">1961-1962.</subfield></datafield><datafield ind1=" " ind2=" " tag="850"><subfield code="a">DLC</subfield><subfield code="a">InLP</subfield><subfield code="a">MoU</subfield><subfield code="a">NcD</subfield></datafield></record>